@MISC{survey,
    author = {Dipanjan Das and Andr√© F. T. Martins},
    title = {A Survey on Automatic Text Summarization},
    year = {2007}
}

@TECHREPORT{hmm_summary,
    author = {John Conroy and Dianne P. O'leary},
    title = {Text Summarization via Hidden Markov Models and Pivoted QR Matrix Decomposition},
    institution = {In SIGIR},
    year = {2001}
}

@inproceedings{sentence_summary,
 author = {Chuang, Wesley T. and Yang, Jihoon},
 title = {Extracting Sentence Segments for Text Summarization: A Machine Learning Approach},
 booktitle = {Proceedings of the 23rd Annual International ACM SIGIR Conference on Research and Development in Information Retrieval},
 series = {SIGIR '00},
 year = {2000},
 isbn = {1-58113-226-3},
 location = {Athens, Greece},
 pages = {152--159},
 numpages = {8},
 url = {http://doi.acm.org.ezp-prod1.hul.harvard.edu/10.1145/345508.345566},
 doi = {10.1145/345508.345566},
 acmid = {345566},
 publisher = {ACM},
 address = {New York, NY, USA},
 keywords = {machine learning, sentence segment extraction, text summarization},
}

@inproceedings{multi_document,
 author = {Wang, Dingding and Li, Tao and Zhu, Shenghuo and Ding, Chris},
 title = {Multi-document Summarization via Sentence-level Semantic Analysis and Symmetric Matrix Factorization},
 booktitle = {Proceedings of the 31st Annual International ACM SIGIR Conference on Research and Development in Information Retrieval},
 series = {SIGIR '08},
 year = {2008},
 isbn = {978-1-60558-164-4},
 location = {Singapore, Singapore},
 pages = {307--314},
 numpages = {8},
 url = {http://doi.acm.org.ezp-prod1.hul.harvard.edu/10.1145/1390334.1390387},
 doi = {10.1145/1390334.1390387},
 acmid = {1390387},
 publisher = {ACM},
 address = {New York, NY, USA},
 keywords = {multi-document summarization, sentence-level semantic analysis, symmetric non-negative matrix factorization},
}